@article{ref25,
  editor = {Butler, D.K.},
  title = {\textit{Near-Surface Geophysics}},
  date = {2005},
  doi = {10.1190/1.9781560801719.},
  language = {en},
  journal = {Society of Exploration Geophysicists}
}
@inproceedings{ref30,
  author = {Alyousuf, T. and Li, Y. and Krahenbuhl, R.},
  title = {Machine learning inversion of time-lapse three-axis borehole gravity data for CO2 monitoring},
  publisher = {Society of Exploration Geophysicists and American Association of Petroleum Geologists},
  date = {2022-08},
  pages = {3099–3103},
  doi = {10.1190/image2022-3745388.1.},
  language = {en},
  booktitle = {Second International Meeting for Applied Geoscience $\&$ Energy},
  address = {Houston, Texas}
}
@article{ref36,
  author = {Oldenburg, D.},
  title = {Direct current resistivity methods},
  date = {2022},
  pages = {67–75},
  language = {en},
  journal = {\textit{Engineering Geophysics}, CRC Press}
}
@article{ref37,
  author = {Wei, X. and Sun, J.},
  title = {3D probabilistic geology differentiation based on airborne geophysics, mixed Lp norm joint inversion, and physical property measurements},
  volume = {87},
  pages = {19– 33,},
  date = {2022-07},
  doi = {10.1190/geo2021-0833.1.},
  language = {en},
  journal = {GEOPHYSICS},
  number = {4}
}
@article{ref5,
  author = {Haber, E. and Ascher, U.M. and Oldenburg, D.},
  title = {On optimization techniques for solving nonlinear inverse problems},
  volume = {16},
  pages = {1263–1280,},
  date = {2000-10},
  doi = {10.1088/0266-5611/16/5/309.},
  language = {en},
  journal = {\textit{Inverse Problems}},
  number = {5}
}
@article{ref21,
  author = {Fournier, D. and Oldenburg, D.W.},
  title = {Inversion using spatially variable mixed Lp norms},
  volume = {218},
  pages = {268–282,},
  date = {2019-03},
  doi = {10.1093/gji/ggz156.},
  language = {en},
  journal = {\textit{Geophysical Journal International}},
  number = {1}
}
@article{ref33,
  author = {Sun, J. and Li, Y.},
  title = {Multidomain petrophysically constrained inversion and geology differentiation using guided fuzzy c-means clustering},
  volume = {80},
  pages = {1– 18,},
  date = {2015-07},
  doi = {10.1190/geo2014-0049.1.},
  language = {en},
  journal = {\textit{GEOPHYSICS}},
  number = {4}
}
@article{ref34,
  author = {Astic, T. and Oldenburg, D.W.},
  title = {A framework for petrophysically and geologically guided geophysical inversion using a dynamic Gaussian mixture model prior},
  volume = {219},
  pages = {1989–2012,},
  date = {2019-12},
  doi = {10.1093/gji/ggz389.},
  language = {en},
  journal = {\textit{Geophysical Journal International}},
  number = {3}
}
@article{ref17,
  author = {Yu, S. and Ma, J.},
  title = {Deep Learning for Geophysics: Current and Future Trends},
  volume = {59},
  pages = {2021 000742,},
  date = {2021-09},
  doi = {10.1029/2021RG000742.},
  language = {en},
  journal = {\textit{Reviews of Geophysics}},
  number = {3}
}
@article{ref29,
  author = {Hu, Y. and Wei, X. and Wu, X. and Sun, J. and Huang, Y. and Chen, J.},
  title = {3D cooperative inversion of airborne magnetic and gravity gradient data using deep learning techniques},
  pages = {1–57,},
  date = {2023-10},
  doi = {10.1190/geo2023-0225.1.},
  language = {en},
  journal = {\textit{GEOPHYSICS}}
}
@article{ref35,
  author = {Eliasof, M. and Haber, E. and Treister, E.},
  title = {DRIP: deep regularizers for inverse problems},
  volume = {40},
  pages = {015006,},
  date = {2024-01},
  doi = {10.1088/1361-6420/ad0f3b.},
  language = {en},
  journal = {\textit{Inverse Problems}},
  number = {1}
}
@article{ref39,
  author = {Alyousuf, T. and Li, Y. and Krahenbuhl, R. and Grana, D.},
  title = {Three‐axis borehole gravity monitoring for CO 2 storage using machine learning coupled to fluid flow simulator},
  volume = {72},
  pages = {767–790,},
  date = {2024-02},
  doi = {10.1111/1365-2478.13413.},
  language = {en},
  journal = {Geophysical Prospecting},
  number = {2}
}
@article{ref40,
  author = {Asif, M.R.},
  title = {Integrating neural networks in least-squares inversion of airborne time-domain electromagnetic data},
  volume = {87},
  pages = {177– 187,},
  date = {2022-07},
  doi = {10.1190/geo2021-0335.1.},
  language = {en},
  journal = {GEOPHYSICS},
  number = {4}
}
@misc{ref2,
  author = {Bora, A. and Jalal, A. and Price, E. and Dimakis, A.G.},
  title = {Compressed Sensing using Generative Models},
  note = {arXiv,},
  date = {2017-03-09},
  url = {http://arxiv.org/abs/1703.03208},
  language = {en}
}
@incollection{ref8,
  author = {Laloy, E. and Hérault, R. and Lee, J. and Jacques, D. and Linde, N.},
  title = {Inversion using a new low-dimensional representation of complex binary geological media based on a deep neural network},
  volume = {110},
  pages = {387–405,},
  date = {2017-12},
  doi = {10.1016/j.advwatres.2017.09.029.},
  language = {en},
  booktitle = {\textit{Advances in Water Resources}}
}
@article{ref11,
  author = {Lopez‐Alvis, J. and Nguyen, F. and Looms, M.C. and Hermans, T.},
  title = {Geophysical Inversion Using a Variational Autoencoder to Model an Assembled Spatial Prior Uncertainty},
  volume = {127},
  pages = {2021 022581,},
  date = {2022-03},
  doi = {10.1029/2021JB022581.},
  language = {en},
  journal = {\textit{JGR Solid Earth}},
  number = {3}
}
@misc{ref12,
  author = {Mosser, L. and Dubrule, O. and Blunt, M.J.},
  title = {Stochastic seismic waveform inversion using generative adversarial networks as a geological prior},
  note = {arXiv, Jun. 10,},
  date = {2018},
  url = {http://arxiv.org/abs/1806.03720},
  language = {en}
}
@article{ref9,
  author = {Liu, B. \textit{et al.}},
  title = {Physics-Driven Deep Learning Inversion for Direct Current Resistivity Survey Data},
  volume = {61},
  pages = {1–11,},
  date = {2023},
  doi = {10.1109/TGRS.2023.3263842.},
  language = {en},
  journal = {\textit{IEEE Trans. Geosci. Remote Sensing}}
}
@misc{ref6,
  author = {Hattori, S. and Yatagawa, T. and Ohtake, Y. and Suzuki, H.},
  title = {Deep Mesh Prior: Unsupervised Mesh Restoration using Graph Convolutional Networks},
  note = {arXiv,},
  date = {2021-11-01},
  url = {http://arxiv.org/abs/2107.02909},
  language = {en}
}
@article{ref20,
  author = {Ulyanov, D. and Vedaldi, A. and Lempitsky, V.},
  title = {Deep Image Prior},
  volume = {128},
  pages = {1867–1888,},
  date = {2020-07},
  doi = {10.1007/s11263-020-01303-4.},
  language = {lv},
  journal = {\textit{Int J Comput Vis}},
  number = {7}
}
@article{ref16,
  author = {Yoo, J. and Jin, K.H. and Gupta, H. and Yerly, J. and Stuber, M. and Unser, M.},
  title = {Time-Dependent Deep Image Prior for Dynamic MRI},
  volume = {40},
  pages = {3337–3348,},
  date = {2021-12},
  doi = {10.1109/TMI.2021.3084288.},
  language = {en},
  journal = {\textit{IEEE Trans. Med. Imaging}},
  number = {12}
}
@misc{ref31,
  author = {Liu, R. and Sun, Y. and Zhu, J. and Tian, L. and Kamilov, U.},
  title = {Recovery of Continuous 3D Refractive Index Maps from Discrete Intensity-Only Measurements using Neural Fields},
  note = {arXiv,},
  date = {2022-08-14},
  url = {http://arxiv.org/abs/2112.00002},
  language = {en}
}
@article{ref7,
  author = {He, Q. and Wang, Y.},
  title = {Reparameterized full-waveform inversion using deep neural networks},
  volume = {86},
  pages = {1– 13,},
  date = {2021-01},
  doi = {10.1190/geo2019-0382.1.},
  language = {en},
  journal = {\textit{GEOPHYSICS}},
  number = {1}
}
@article{ref14,
  author = {Wu, Y. and McMechan, G.A.},
  title = {Parametric convolutional neural network-domain full-waveform inversion},
  volume = {84},
  pages = {881– 896,},
  date = {2019-11},
  doi = {10.1190/geo2018-0224.1.},
  language = {fr},
  journal = {\textit{GEOPHYSICS}},
  number = {6}
}
@article{ref15,
  author = {Yang, F. and Ma, J.},
  title = {FWIGAN: Full‐Waveform Inversion via a Physics‐Informed Generative Adversarial Network},
  volume = {128},
  pages = {2022 025493,},
  date = {2023-04},
  doi = {10.1029/2022JB025493.},
  language = {en},
  journal = {\textit{JGR Solid Earth}},
  number = {4}
}
@misc{ref18,
  author = {Zhu, W. and Xu, K. and Darve, E. and Biondi, B. and Beroza, G.C.},
  title = {Integrating Deep Neural Networks with Full-waveform Inversion: Reparametrization, Regularization, and Uncertainty Quantification},
  note = {arXiv,},
  date = {2021-09-30},
  url = {http://arxiv.org/abs/2012.11149},
  language = {en}
}
@article{ref41,
  author = {Jiang, P. and Wang, Q. and Ren, Y. and Yang, S. and Li, N.},
  title = {Full waveform inversion based on inversion network reparameterized velocity},
  volume = {72},
  pages = {52–67,},
  date = {2024-01},
  doi = {10.1111/1365-2478.13292.},
  language = {en},
  journal = {Geophysical Prospecting},
  number = {1}
}
@article{ref42,
  author = {Liu, M. and Vashisth, D. and Grana, D. and Mukerji, T.},
  title = {Joint Inversion of Geophysical Data for Geologic Carbon Sequestration Monitoring: A Differentiable Physics‐Informed Neural Network Model},
  volume = {128},
  pages = {2022 025372,},
  date = {2023-03},
  doi = {10.1029/2022JB025372.},
  language = {en},
  journal = {JGR Solid Earth},
  number = {3}
}
@article{ref47,
  author = {Oldenburg, D.W. and Li, Y.},
  title = {Inversion for applied geophysics: A tutorial},
  volume = {13},
  pages = {1–85,},
  date = {2005-01},
  doi = {10.1190/1.9781560801719.ch5.},
  language = {en},
  journal = {Investigations in geophysics}
}
@article{ref43,
  author = {Puzyrev, V.},
  title = {Deep learning electromagnetic inversion with convolutional neural networks},
  volume = {218},
  pages = {817–832,},
  date = {2019-08},
  doi = {10.1093/gji/ggz204.},
  language = {en},
  journal = {Geophysical Journal International},
  number = {2}
}
@article{ref44,
  author = {Liu, B.},
  title = {Deep Learning Inversion of Electrical Resistivity Data},
  volume = {58},
  pages = {5715–5728,},
  date = {2020-08},
  doi = {10.1109/TGRS.2020.2969040.},
  language = {en},
  journal = {IEEE Trans. Geosci. Remote Sensing},
  number = {8}
}
@article{ref45,
  author = {Liu, B. and Guo, Q. and Wang, K. and Pang, Y. and Nie, L. and Jiang, P.},
  title = {Adaptive Convolution Neural Networks for Electrical Resistivity Inversion},
  volume = {21},
  pages = {2055–2066,},
  date = {2021-01},
  doi = {10.1109/JSEN.2020.3021280.},
  language = {en},
  journal = {IEEE Sensors J},
  number = {2}
}
@article{ref3,
  author = {Cockett, R. and Heagy, L.J. and Oldenburg, D.W.},
  title = {Pixels and their neighbors: Finite volume},
  volume = {35},
  pages = {703–706,},
  date = {2016-08},
  doi = {10.1190/tle35080703.1.},
  language = {en},
  journal = {\textit{The Leading Edge}},
  number = {8}
}
@misc{ref24,
  author = {\textit{et al.}, A. Paszke},
  title = {PyTorch: An Imperative Style, High-Performance Deep Learning Library},
  note = {arXiv,},
  date = {2019-12-03},
  url = {http://arxiv.org/abs/1912.01703},
  language = {en}
}
@book{ref19,
  author = {Haber, E. and Industrial, S. and Mathematics, A.},
  title = {Computational Methods in Geophysical Electromagnetics},
  publisher = {Society for Industrial and Applied Mathematics},
  language = {en}
}
@thesis{ref60,
  author = {Lawrence, L.},
  title = {Contributions to the Theory of Linear Least Maximum Approximation},
  date = {1961},
  language = {en},
  school = {University of California},
  type = {Ph.D. thesis,}
}
@article{ref51,
  author = {Li, Y. and Oldenburg, D.W.},
  title = {3-D inversion of magnetic data},
  volume = {61},
  pages = {394–408,},
  date = {1996-03},
  doi = {10.1190/1.1443968.},
  language = {en},
  journal = {GEOPHYSICS},
  number = {2}
}
@article{ref52,
  author = {Li, Y. and Oldenburg, D.W.},
  title = {3-D inversion of gravity data},
  volume = {63},
  pages = {109–119,},
  date = {1998-01},
  doi = {10.1190/1.1444302.},
  language = {ko},
  journal = {GEOPHYSICS},
  number = {1}
}
@misc{ref22,
  author = {Kingma, D.P. and Ba, J.},
  title = {Adam: A Method for Stochastic Optimization},
  note = {arXiv,},
  date = {2017-01-29},
  url = {http://arxiv.org/abs/1412.6980},
  language = {en}
}
@book{ref28,
  author = {Nocedal, J. and Wright, S.J.},
  title = {\textit{Numerical optimization}},
  publisher = {Springer},
  date = {1999},
  language = {en},
  series = {in Springer series in operations research},
  address = {New York}
}
@misc{ref10,
  author = {Liu, H. and Li, Z. and Hall, D. and Liang, P. and Ma, T.},
  title = {Sophia: A Scalable Stochastic Second-order Optimizer for Language Model Pre-training},
  note = {arXiv,},
  date = {2023-05-23},
  url = {http://arxiv.org/abs/2305.14342},
  language = {en}
}
@misc{ref23,
  author = {Srivastava, N. and Hinton, G. and Krizhevsky, A. and Sutskever, I. and Salakhutdinov, R.},
  title = {Dropout: A Simple Way to Prevent Neural Networks from Overfitting”},
  language = {en}
}
@misc{ref48,
  author = {Frei, S. and Vardi, G. and Bartlett, P.L. and Srebro, N. and Hu, W.},
  title = {Implicit Bias in Leaky ReLU Networks Trained on High-Dimensional Data},
  note = {arXiv,},
  date = {2022-10-13},
  url = {http://arxiv.org/abs/2210.07082},
  language = {en}
}
@misc{ref49,
  author = {Rahaman, N.},
  title = {On the Spectral Bias of Neural Networks},
  note = {arXiv,},
  date = {2019-05-31},
  url = {http://arxiv.org/abs/1806.08734},
  language = {en}
}
@misc{ref50,
  author = {Cao, Y. and Gu, Q.},
  title = {Generalization Error Bounds of Gradient Descent for Learning Over-parameterized Deep ReLU Networks},
  note = {arXiv,},
  date = {2019-11-27},
  url = {http://arxiv.org/abs/1902.01384},
  language = {en}
}
@inproceedings{ref61,
  author = {Tachella, J. and Tang, J. and Davies, M.},
  title = {The Neural Tangent Link Between CNN Denoisers and Non-Local Filters},
  publisher = {IEEE},
  date = {2021-06},
  pages = {8614–8623},
  doi = {10.1109/CVPR46437.2021.00851.},
  language = {en},
  booktitle = {2021 IEEE/CVF Conference on Computer Vision and Pattern Recognition (CVPR},
  address = {Nashville, TN, USA}
}
